@article{khannouz2020benchmark,
  title={A benchmark of data stream classification for human activity recognition on connected objects},
  author={Khannouz, Martin and Glatard, Tristan},
  journal={Sensors},
  volume={20},
  number={22},
  pages={6486},
  year={2020},
  publisher={Multidisciplinary Digital Publishing Institute}
}

@phdthesis{chatelain2019outils,
  title={Outils de d{\'e}bogage et d'optimisation des calculs flottants dans le contexte HPC},
  author={Chatelain, Yohan},
  year={2019},
  school={Universit{\'e} Paris-Saclay}
}

@article{chung2018serving,
  title={Serving dnns in real time at datacenter scale with project brainwave},
  author={Chung, Eric and Fowers, Jeremy and Ovtcharov, Kalin and Papamichael, Michael and Caulfield, Adrian and Massengill, Todd and Liu, Ming and Lo, Daniel and Alkalay, Shlomi and Haselman, Michael and others},
  journal={iEEE Micro},
  volume={38},
  number={2},
  pages={8--20},
  year={2018},
  publisher={IEEE}
}

@article{gustafson2017beating,
  title={Beating floating point at its own game: Posit arithmetic},
  author={Gustafson, John L and Yonemoto, Isaac T},
  journal={Supercomputing Frontiers and Innovations},
  volume={4},
  number={2},
  pages={71--86},
  year={2017}
}

@article{lakshminarayanan2014mondrian,
  title={Mondrian forests: Efficient online random forests},
  author={Lakshminarayanan, Balaji and Roy, Daniel M and Teh, Yee Whye},
  journal={arXiv preprint arXiv:1406.2673},
  year={2014}
}

@article{adje2021fast,
  title={Fast and Efficient Bit-Level Precision Tuning},
  author={Adj{\'e}, Assal{\'e} and Khalifa, Dorra Ben and Martel, Matthieu},
  journal={arXiv preprint arXiv:2103.05241},
  year={2021}
}

@inproceedings{denis2016verificarlo,
  title={Verificarlo: Checking Floating Point Accuracy through Monte Carlo Arithmetic},
  author={Denis, Christophe and Castro, Pablo De Oliveira and Petit, Eric},
  booktitle={2016 IEEE 23nd Symposium on Computer Arithmetic (ARITH)},
  pages={55--62},
  year={2016},
  organization={IEEE}
}

@inproceedings{chatelain2019automatic,
  title={Automatic exploration of reduced floating-point representations in iterative methods},
  author={Chatelain, Yohan and Petit, Eric and de Oliveira Castro, Pablo and Lartigue, Ghislain and Defour, David},
  booktitle={European Conference on Parallel Processing},
  pages={481--494},
  year={2019},
  organization={Springer}
}

@inproceedings{banos2012benchmark,
  title={A benchmark dataset to evaluate sensor displacement in activity recognition},
  author={Ba{\~n}os, Oresti and Damas, Miguel and Pomares, H{\'e}ctor and Rojas, Ignacio and T{\'o}th, M{\'a}t{\'e} Attila and Amft, Oliver},
  booktitle={Proceedings of the 2012 ACM Conference on Ubiquitous Computing},
  pages={1026--1035},
  year={2012}
}

@article{banos2014dealing,
  title={Dealing with the effects of sensor displacement in wearable activity recognition},
  author={Banos, Oresti and Toth, Mate Attila and Damas, Miguel and Pomares, Hector and Rojas, Ignacio},
  journal={Sensors},
  volume={14},
  number={6},
  pages={9995--10023},
  year={2014},
  publisher={Multidisciplinary Digital Publishing Institute}
}

@inproceedings{morris2014recofit,
  title={RecoFit: using a wearable sensor to find, recognize, and count repetitive exercises},
  author={Morris, Dan and Saponas, T Scott and Guillory, Andrew and Kelner, Ilya},
  booktitle={Proceedings of the SIGCHI Conference on Human Factors in Computing Systems},
  pages={3225--3234},
  year={2014}
}